
@book{graham_ansi_1995,
	title = {ANSI Common Lisp},
	publisher = {Prentice Hall},
	address = {Upper Saddle River},
	author = {Paul Graham},
	year = {1995}
}

@book{wilhelm_uebersetzerbau_2007,
	title = {Übersetzerbau: Virtuelle Maschinen},
	publisher = {Springer},
	address = {Berlin},
	author = {Reinhard Wilhelm and Helmut Seidl},
	year = {2007}
}

@online{smart_ptr_online,
	author = {Greg Colvin and Beman Dawes and Peter Dimov and Darin Adler},
	title = {Smart Ptr},
	url = {http://www.boost.org/doc/libs/1_46_1/libs/smart_ptr/smart_ptr.htm},
	urldate = {2011-05-31}
}

@online{cmake_online,
	author = {Kitware Inc.},
	title = {CMake 2.8 Documentation},
	url = {http://www.cmake.org/cmake/help/cmake-2-8-docs.html},
	urldate = {2011-05-31}
}

@online{anyscalar_online,
	author = {Timo Bingmann},
	title = {STX Expression Parser C++ Framework},
	url = {https://idlebox.net/2007/stx-exparser/},
	urldate = {2011-05-31}
}

@online{lisp_interaction_online,
	author = {Dominik Burgdörfer},
	title = {Lisp Interaction},
	url = {https://github.com/domachine/Lisp-Interaction},
	urldate = {2011-05-31}
}

@online{lisp_interaction_ref_online,
	author = {Dominik Burgdörfer},
	title = {Lisp Interaction Reference},
	url = {https://github.com/domachine/lisp-interaction-reference},
	urldate = {2011-05-31}
}
